@BOOK{Posamentier:CPIG,
	title = {Challenging Problems in Geometry},
	publisher = {Dover},
	author = {Posamentier and Salkind},
	year = {1996},
}