@article{lees2010theoretical,
  title={Theoretical maximum capacity as benchmark for empty vehicle redistribution in personal rapid transit},
  author={Lees-Miller, John and Hammersley, John and Wilson, R},
  journal={Transportation Research Record: Journal of the Transportation Research Board},
  number={2146},
  pages={76--83},
  year={2010},
  publisher={Transportation Research Board of the National Academies}
}

@article{urmson2008autonomous,
  title={Autonomous driving in urban environments: Boss and the urban challenge},
  author={Urmson, Chris and Anhalt, Joshua and Bagnell, Drew and Baker, Christopher and Bittner, Robert and Clark, MN and Dolan, John and Duggins, Dave and Galatali, Tugrul and Geyer, Chris and others},
  journal={Journal of Field Robotics},
  volume={25},
  number={8},
  pages={425--466},
  year={2008},
  publisher={Wiley Online Library}
}

@inproceedings{geiger2012we,
  title={Are we ready for autonomous driving? the kitti vision benchmark suite},
  author={Geiger, Andreas and Lenz, Philip and Urtasun, Raquel},
  booktitle={IEEE Conference on Computer Vision and Pattern Recognition (CVPR) 2012},
  pages={3354--3361},
  year={2012},
  organization={IEEE}
}
