@article{cauvery,
  title={BRAIN COMPUTER INTERFACE AND ITS TYPES-AStudy},
  author={Cauvery, NK},
  year={1963}
}
@inproceedings{wijayasekara,
  title={Human machine interaction via brain activity monitoring},
  author={Wijayasekara, D and Manic, M},
  booktitle={Human System Interaction (HSI), 2013 The 6th International Conference on},
  pages={103--109},
  year={2013},
  organization={IEEE}
}
@article{nijholt,
  title={Brain-computer interfacing for intelligent systems},
  author={Nijholt, Anton and Tan, Desney},
  journal={Intelligent Systems, IEEE},
  volume={23},
  number={3},
  pages={72--79},
  year={2008},
  publisher={IEEE}
}

@article{larsen,
  title={Classification of EEG Signals in a Brain-Computer Interface System},
  author={Larsen, Erik Andreas},
  year={2011},
  publisher={Institutt for datateknikk og informasjonsvitenskap}
}
@article{wolpaw,
  title={Brain-computer interface technology: a review of the first international meeting},
  author={Wolpaw, Jonathan R and Birbaumer, Niels and Heetderks, William J and McFarland, Dennis J and Peckham, P Hunter and Schalk, Gerwin and Donchin, Emanuel and Quatrano, Louis A and Robinson, Charles J and Vaughan, Theresa M and others},
  journal={IEEE transactions on rehabilitation engineering},
  volume={8},
  number={2},
  pages={164--173},
  year={2000},
  publisher={Citeseer}
}
@misc{stonehill,
    author    = "By M. Stonehill, R. Robins ",
    title     = "Investigating the NeuroSky MindWaveâ„¢ EEG Headset",
    Year= "2014",
    howpublished="Isbn 978-1-910377-15-4",
    url       = "http://www.trl.co.uk/reports-publications/report/?reportid=6988",
    note="Reference: PPR726"
}
@misc{NeuroSky,
  author = {NeuroSky},
  title = {{ThinkGear SDK for OS X}},
  howpublished = "\url{http://developer.neurosky.com/docs/doku.php?id=mac_development_guide}",
  year = {2015}, 
  note = "[Online; accessed 01-June-2015]"
}
@book{vaishnavi,
  title={Design science research methods and patterns: innovating information and communication technology},
  author={Vaishnavi, Vijay K and Kuechler, William},
  year={2015},
  publisher={Crc Press}
}
@inproceedings{dietrich,
  title={Limitations, possibilities and implications of Brain-Computer Interfaces},
  author={Dietrich, Dietmar and Lang, Roland and Bruckner, Dietmar and Fodor, Georg and Muller, B},
  booktitle={Human System Interactions (HSI), 2010 3rd Conference on},
  pages={722--726},
  year={2010},
  organization={IEEE}
}
@inproceedings{Nacke,
  title={Biofeedback game design: using direct and indirect physiological control to enhance game interaction},
  author={Nacke, Lennart Erik and Kalyn, Michael and Lough, Calvin and Mandryk, Regan Lee},
  booktitle={Proceedings of the SIGCHI conference on human factors in computing systems},
  pages={103--112},
  year={2011},
  organization={ACM}
}
@misc{lyu,
    author    = "By Michael R. LYU, Donald K.Y. CHEUNG and Jackie K.C. LIU",
    title     = "Unleashing Brain Powers: A Study on Development of BCI-enhanced Computer Games",
    Year= "2011",
    url       = "15.	http://www.cse.cuhk.edu.hk/lyu/_media/students/lyu1006finalreport-part1_bcianalysis_.pdf?id=students:fyp",
    note="Individual Report"
}
