@article{this_article,
author = {Smith, Jimbo and Doe, Jane},
title = {How Many Years Can I Keep on Doing This: An Analysis of My Self Worth},
volume = {193}, 
number = {1}, 
pages = {265-275}, 
year = {2019}, 
journal = {Totally Real Journal} 
}
