@misc{tufte-latex,
  author={Bil Kleb and Bill Wood and Kevin Godby},
  title={tufte-latex -- Document classes inspired by the work of Edward Tufte},
  year={2014},
  URL={http://www.ctan.org/pkg/tufte-latex},
}
@misc{biblatex,
  author={Philipp Lehman},
  title={The Biblatex Package},
  year={2014},
  month={6},
  URL={http://www.ctan.org/pkg/biblatex},
}
