@book{adams1995hitchhiker,
  title={The Hitchhiker's Guide to the Galaxy},
  author={Adams, D.},
  isbn={9781417642595},
  url={http://books.google.com/books?id=W-xMPgAACAAJ},
  year={1995},
  publisher={San Val}
}
@misc{qiang2018materials,
    title={Materials science and engineering: New vision in the era of artificial intelligence},
    author={Tao Qiang and Honghong Gao},
    year={2018},
    eprint={1804.08293},
    archivePrefix={arXiv},
    primaryClass={cond-mat.mtrl-sci}
}
@article{lookman2019active,
  title={Active learning in materials science with emphasis on adaptive sampling using uncertainties for targeted design},
  author={Lookman, Turab and Balachandran, Prasanna V and Xue, Dezhen and Yuan, Ruihao},
  journal={npj Computational Materials},
  volume={5},
  number={1},
  pages={1--17},
  year={2019},
  publisher={Nature Publishing Group}
}
@article{fernandez2020accelerating,
  title={Accelerating continuum-scale brittle fracture simulations with machine learning},
  author={Fern{\'a}ndez-Godino, M Giselle and Panda, Nishant and O'Malley, Daniel and Larkin, Kevin and Hunter, Abigail and Haftka, Raphael T and Srinivasan, Gowri},
  journal={arXiv preprint arXiv:2001.11328},
  year={2020}
}