@inproceedings{Pedro2019,
    title = {{Title for the reference}},
    year = {2019},
    booktitle = {2019 International Conference on Bla Bla},
    author = {Newton and Einstein and Hawkins},
    month = {2},
    pages = {1160--1164},
    publisher = {IEEE},
    url = {http://ieeexplore.ieee.org/document/xxxxxxxxx/},
    isbn = {978-1-4673-5788-3},
    doi = {https://doi.org/10.1109/JSEN.2015.2467329},
    keywords = {bla bla bla }
}
