@article{morone2015influence,
  title={Influence maximization in complex networks through optimal percolation},
  author={Morone, Flaviano and Makse, Hern{\'a}n A},
  journal={Nature},
  volume={524},
  number={7563},
  pages={65--68},
  year={2015},
  publisher={Nature Research}
}

@article{hirsch2005index,
  title={An index to quantify an individual's scientific research output},
  author={Hirsch, Jorge E},
  journal={Proceedings of the National academy of Sciences of the United States of America},
  pages={16569--16572},
  year={2005},
  publisher={JSTOR}
}

@article{dangalchev2006residual,
  title={Residual closeness in networks},
  author={Dangalchev, Chavdar},
  journal={Physica A: Statistical Mechanics and its Applications},
  volume={365},
  number={2},
  pages={556--564},
  year={2006},
  publisher={Elsevier}
}

@article{garg2015brief,
  title={A Brief Survey of Various Ranking Algorithms for Web Page Retrieval in Web Structure Mining},
  author={Garg, Yogita and Jain, Mr Vinod},
  journal={International Journal of Engineering Trends and Technology},
  volume={21},
  number={3},
  pages={168--172},
  year={2015}
}